% %%%%%%%%%%%%%%%%%%%%%%%%%%%%%%%%%%%%%%%%%%%%%%%%%%%%%%%%%%%%%%%%%%%%%%%%%%%%%%%%%%%%%%%%%%%%%%%%%% %
% %%%%%%%%%%%%%%%%%%%%%%%%%%%%%%%%%%%%%   Bibliographie   %%%%%%%%%%%%%%%%%%%%%%%%%%%%%%%%%%%%%%%%%% %
% %%%%%%%%%%%%%%%%%%%%%%%%%%%%%%%%%%%%%%%%%%%%%%%%%%%%%%%%%%%%%%%%%%%%%%%%%%%%%%%%%%%%%%%%%%%%%%%%%% %

% -------------------------------------------------------------------------------------------------- %
% ---------------------------------   kontinuierliche Paper   -------------------------------------- %
% -------------------------------------------------------------------------------------------------- %

% DONLP2 - Teil 1
@article{Spellucci1998sqp,
  title="{An SQP method for general nonlinear programs using only equality constrained subproblems}",
  author={Spellucci, P.},
  journal={Mathematical programming},
  volume={82},
  number={3},
  pages={413--448},
  year={1998},
  publisher={Springer}
}

% DONLP2 - Teil 2
@article{Spellucci1998qp,
  title="{A new technique for inconsistent QP problems in the SQP method}",
  author={Spellucci, P.},
  journal={Mathematical Methods of Operations Research},
  volume={47},
  number={3},
  pages={355--400},
  year={1998},
  publisher={Springer}
}


% traffic

@article{GugatHertyKlarLeugering2005,
author="Gugat, M. and Herty, M. and Klar, A. and Leugering, G.",
title="{Optimal control for traffic flow networks.}",
journal="J. Optimization Theory Appl. ",
volume="126",
number="3",
pages="589-616",
year="2005",
}",

% gas (auch Kolb2011)

@Article{HertySachers2007,
 author = {Herty, M. and Sachers, V.},
 title = {Adjoint calculus for optimization of gas networks},
 journal = {Networks and Heterogeneous Media},
 year = {2007},
 volume = {2},
 number = {4},
 pages = {733 - 750},
 month = {December},
 doi = {10.3934/nhm.2007.2.733}
}

@article{DomschkeGeisslerKolbLangMartinMorsi2011,
author = {Domschke, P. and Gei{\ss}ler, B. and Kolb, O. and Lang, J. and Martin, A. and Morsi, A.}, 
title = {Combination of Nonlinear and Linear Optimization of Transient Gas Networks},
volume = {23}, 
number = {4}, 
pages = {605-617}, 
year = {Fall 2011}, 
doi = {10.1287/ijoc.1100.0429}, 
URL = {http://joc.journal.informs.org/content/23/4/605.abstract}, 
eprint = {http://joc.journal.informs.org/content/23/4/605.full.pdf+html}, 
journal = {INFORMS Journal on Computing} 
}

@article{GeisslerKolbLangLeugeringMartinMorsi2011,
year={2011},
issn={1432-2994},
journal={Mathematical Methods of Operations Research},
volume={73},
issue={3},
doi={10.1007/s00186-011-0354-5},
title={Mixed integer linear models for the optimization of dynamical transport networks},
url={http://dx.doi.org/10.1007/s00186-011-0354-5},
publisher={Springer-Verlag},
keywords={Mixed integer linear programming; Piecewise linear approximation; Gas network optimization; Water network optimization},
author={Gei{\ss}ler, B. and Kolb, O. and Lang, J. and Leugering, G. and Martin, A. and Morsi, A.},
pages={339-362},
language={English}
}

% water (auch Kolb2011)

@incollection{KolbLang2012,
year={2012},
isbn={978-3-0348-0435-6},
booktitle={Mathematical Optimization of Water Networks},
volume={162},
series={International Series of Numerical Mathematics},
editor={Martin, Alexander and Klamroth, Kathrin and Lang, Jens and Leugering, G{\"u}nter and Morsi, Antonio and Oberlack, Martin and Ostrowski, Manfred and Rosen, Roland},
doi={10.1007/978-3-0348-0436-3_2},
title={Simulation and Continuous Optimization},
url={http://dx.doi.org/10.1007/978-3-0348-0436-3_2},
publisher={Springer Basel},
author={Kolb, O. and Lang, J.},
pages={17-33},
language={English}
}


% supply chains --> SimonesBuch

%%%%%%%%%%%%%%%%%%%%%%%%%%%%%%%%%%%%%%%%%%  Numerik  %%%%%%%%%%%%%%%%%%%%%%%%%%%%%%%%%%%%%%%%%%%%%%%%%
% Vorschläge, um die Oszillationen zu umgehen, die bei der Crank-Nicolson-Methode entstehen, wenn unstetige Anfangsbedingungen verwendet werden
@article{Osterby5ways,
    author = {O. {\O}sterby},
    title = "{Five Ways of Reducing the Crank-Nicolson Oscillations}",
		journal = {BIT Numerical Mathematics},
    year = {2003},
		volume = {43},
		pages = {811--822}
}

% Originalartikel zum Vorschlag von Osterby oben.
@article{Pearson,
     jstor_articletype = {primary_article},
     title = {Impulsive End Condition for Diffusion Equation},
     author = {Pearson, C.E.},
     journal = {Mathematics of Computation},
     jstor_issuetitle = {},
     volume = {19},
     number = {92},
     jstor_formatteddate = {Oct., 1965},
     pages = {570--576},
     url = {http://www.jstor.org/stable/2003940},
     ISSN = {00255718},
     abstract = {},
     language = {},
     year = {1965},
     publisher = {American Mathematical Society},    
     copyright = {Copyright © 1965 American Mathematical Society},
}

% Originalartikel zur Crank-Nicolson-Methode
@article{CrankNicolson,
	title = {A practical method for numerical evaluation of solutions of partial differential equations of the heat conduction type},
	author = {Crank, J. and Nicolson, P.},
	journal = {Mathematical Proceedings of the Cambridge Philosophical Society},
	volume = {43},
	year = {1947}
}

% Artikel, in dem die implizite Lösungsmethode vorgestellt wird
@article{Laasonen,
   author = {Laasonen, P.},
   affiliation = {Tampere Finnland Tampere Finnland},
   title = "{{\"U}ber eine Methode zur L{\"o}sung der W{\"a}rmeleitungsgleichung}",
   journal = {Acta Mathematica},
   publisher = {Springer Netherlands},
   issn = {0001-5962},
   keyword = {Mathematics and Statistics},
   pages = {309--317},
   volume = {81},
   issue = {1},
   url = {http://dx.doi.org/10.1007/BF02395025},
   note = {10.1007/BF02395025},
   year = {1949}
}

% Kein CFL auf Kanten mit Origin Tracking Algorithm
@incollection{keinCFLaufKanten,
	title = {Real-time, Large Scale Optimization of Water Network Systems using a Subdomain Approach},
	author = {Laird, C.D. and Biegler, L.T. and van Bloemen Waanders, B.G.},
	booktitle = {Real-Time PDE-Constrained Optimization},
	publisher = {SIAM Series in Computational Science and Engineering},
	editor = {Biegler, Lorenz T. and O. Ghattas and M. Heinkenschloss and D. Keyes and van Bloemen Waanders, Bart G.},
	address = {Philadelphia, PA},
	pages = {291--308},
	year = {2007}
}

% erste Vorstellung des Origin Tracking Algorithms aus paper von oben drüber
@article{dort4,
	title = {Time dependent contaminant source determination for municipal water networks using large scale optimization},
	author = {Laird, C.D. and Biegler, L.T. and van Bloemen Waanders, B.G. and Bartlett, R.A.},
	journal = {Journal of Water Resources Planning and Management},
	year = {2004}
}

% blaues Buch von Großmann und Roos zur Numerik von DGLs, die Bibel
@book{GR94,
	title = {Numerik partieller Differentialgleichungen},
	author = {Ch. Gro{\ss}mann and H. G. Roos},
	publisher = {B. G. Teubner},
	year = {1994},
	address = {Stuttgart},
	edition = {first}
}

% Grünes Buch von LeVeque ist die zweite Bibel
@book{LeVeque,
	title = {Numerical Methods for Conservation Laws},
	author = {LeVeque, R. J.},
	publisher = {Birkh{\"a}user Verlag},
	year = {1992},
	address = {Basel, Boston, Berlin},
	edition = {second}
}

% Skript zur Vorlesung PDE: Intro -> schöne kurze Zusammenfassung von der Bibel
@misc{Lecture_Notes_PDE_intro,
	title = {Partial Differential Equations: An Introduction},
	author = {Arbeitsgruppe Technomathematik},
	note = {Lecture Notes, Technical University of Kaiserslautern, 2006}
}

% Skript zur Vorlesung PDE I -> Da werden elliptische und parabolische DGls behandelt.
@misc{PDEI,
	title = "{Numerical Methods for Partial Differential Equations I: Elliptic and Parabolic Equations}",
	author = {Arbeitsgruppe Technomathematik},
	note = {Lecture Notes, Technical University of Kaiserslautern, 2007}
}

% Skript zur Vorlesung PDE II -> Da werden hyperbolische DGls behandelt
@misc{PDEII,
	title = "{Numerik partieller Differentialgleichungen II: Hyperbolische Erhaltungsgleichungen}",
	author = {Arbeitsgruppe Technomathematik},
	note = {Vorlesungsskript, Technische Universit{\"a}t Kaiserslautern, 2007/08},
}

% Buch von Holden und Risebro zum Front tracking.
@book{HoldenRisebro_Buch,
title={Front tracking for hyperbolic conservation laws},
author={Holden, H. and Risebro, N.~H.},
publisher={Springer},
year={2002},
isbn={3-540-43289-2},
address={New York, Berlin, Heidelberg}
}
%editor={Helge Holden ; Nils Henrik Risebro},
%address={New York, NY [u.a.]},
%pages={XI, 363 S. : graph. Darst.},
%keywords={Erhaltungssatz [(DE-588)4131214-4]},
%keywords={Hyperbolisches System [(DE-588)4191897-6]},
%keywords={Numerisches Verfahren [(DE-588)4128130-5]},
%url={https://opac.ub.uni-kl.de/F/?func=find-c&ccl_term=idn%3DHT013425160&local_base=KLU01}
%}

% Originalpaper von Godunov zu seinem Scheme
@article{Godunov,
	title={A  difference method for numerical calculation of discontinuous solutions of the equations of hydrodynamics},
	author={Godunov, S.~K.},
	journal={Mat. Sb. (N.S.)},
	year={1959},
	volume={47},
	issue={3},
	number={89},
	pages={271--306}
}

% Paper zu Lax-Friedrich auf versetztem Gitter (Olivers Hauptreferenz zu stLF)
@article{NonStaggered,
	author = {G.~S. Jiang and D. Levy and C.~T. Lin and S. Osher and E. Tadmor},
      	title = {High-Resolution Nonoscillatory Central Schemes with Nonstaggered Grids for Hyperbolic Conservation Laws},
      	journal = {SIAM Journal on Numerical Analysis},
      	volume = {35},
      	number = {6},
      	year = {1998},
      	issn = {0036-1429},
      	pages = {2147--2168},
      	doi = {10.1137/S0036142997317560},
      	publisher = {Society for Industrial and Applied Mathematics},
      	address = {Philadelphia, PA, USA}
}

% Olivers Doktorarbeit (stLF wird da hergeleitet)
@Mastersthesis{Kolb2011,
	title = "{Simulation and Optimization of Gas and Water Supply Networks}",
	author = {O. Kolb},
	school = {Technische Universit{\"a}t Darmstadt},
	year = {2011},
	type = {{PhD Thesis}},
	address = {},
	month = {},
	note = {},
	publisher = {Dr. Hut Verlag}
}

% Buch zur Optimierung mittels Adjungierten
@book{Kelley1999,
  title={Iterative methods for optimization},
  author={Kelley, C.~T.},
  year={1999},
  publisher={Society for Industrial and Applied Mathematics},
	address = {Philadelphia},
	edition = {}
}

% Buch von Nash???
@book{NashSofer1996,
	title="{Linear and Nonlinear Programming}",
	author={Nash, S.~G. and Sofer, A.},
	year={1996},
	publisher = {McGraw-Hill},
	address = {New York}
}

% Buch von Spelluci: allgemeine numerische Verfahren
@book{Spellucci1993,
	title="{Numerische Verfahren der Nichtlinearen Optimierung}",
	author={Spellucci, P.},
	year={1993},
	publisher={Birkh{\"a}user-Verlag},
	address={Basel}
}

%%%%%%%%%%%%%%%%%%%%%%%%%%%%%%%%%%%%%%%%%%    Verkehr und    %%%%%%%%%%%%%%%%%%%%%%%%%%%%%%%%%%%%%%%%%
%%%%%%%%%%%%%%%%%%%%%%%%%%%%%%%%%%%%%%%%%%  Netzwerkmodelle  %%%%%%%%%%%%%%%%%%%%%%%%%%%%%%%%%%%%%%%%%
% Originalartikel zum Lighthill-Whitham-Modell
@ARTICLE{LighthillWhitham,
  author = {{Lighthill}, M.~J. and {Whitham}, G.~B.},
  title = "{On Kinematic Waves. II. A Theory of Traffic Flow on Long Crowded Roads}",
  journal = {Royal Society of London Proceedings Series A},
  year = 1955,
  month = may,
  volume = 229,
  pages = {317--345},
  adsurl = {http://adsabs.harvard.edu/abs/1955RSPSA.229..317L},
  adsnote = {Provided by the SAO/NASA Astrophysics Data System}
}

% Coclite und Piccoli zum Verkehrsfluss (Standard-Paper???)
@article{CoclitePiccoli,
	author = {G.~M. Coclite and M. Garavello and B. Piccoli},
	collaboration = {},
	title = {Traffic Flow on a Road Network},
	publisher = {SIAM},
	year = {2005},
	journal = {SIAM Journal on Mathematical Analysis},
	volume = {36},
	number = {6},
	pages = {1862--1886},
	keywords = {scalar conservation laws; traffic flow},
	url = {http://link.aip.org/link/?SJM/36/1862/1},
	doi = {10.1137/S0036141004402683}
}

% zweites Standard-Paper zum Verkehrsfluss??? Werden immer mit Coclite und Piccoli zusammen zitiert!
@article{HoldenRisebro,
author = {Holden, H. and Risebro, N.~H.},
collaboration = {},
title = {A Mathematical Model of Traffic Flow on a Network of Unidirectional Roads},
publisher = {SIAM},
year = {1995},
journal = {SIAM Journal on Mathematical Analysis},
volume = {26},
number = {4},
pages = {999--1017},
keywords = {traffic flow; conservation laws; network},
url = {http://link.aip.org/link/?SJM/26/999/1},
doi = {10.1137/S0036141093243289}
}


% Klar und Herty zum Verkehrsfluss. Vereinfachung des CoclitePiccoli-Modells zu einem MIP (Paper 4)
@article{HertyKlar2004,
	author = {Herty, M. and Klar, A.},
	title = {SIMPLIFIED DYNAMICS AND OPTIMIZATION OF LARGE SCALE TRAFFIC NETWORKS},
	publisher = {},
	journal = {Mathematical Models and Methods in Applied Sciences (M3AS)},
	year = {2004},
	month = {},
	volume = {14},
	number = {4},
	pages = {579--601},
	keywords = {Traffic flow; macroscopic equations; optimization},
	doi = {10.1142/S0218202504003362}
}

% Vereinfachung des PDE-Modells zu einem MIP (auch vorgerechnet für die Transportgleichung -> LP!!!) (Paper 2)
@InProceedings{Fuegenschuh_et_al_MIP,
  author =	{F{\"u}genschuh, A. and Gei{\ss}ler, B. and Martin, A. and Morsi, A.},
  title =	{The Transport PDE and Mixed-Integer Linear Programming},
  booktitle =	{Models and Algorithms for Optimization in Logistics},
  year =	{2009},
  editor =	{Cynthia Barnhart and Uwe Clausen and Ulrich Lauther and Rolf H. M{\"o}hring},
  number =	{09261},
  series =	{Dagstuhl Seminar Proceedings},
  ISSN =	{1862-4405},
  publisher =	{Schloss Dagstuhl - Leibniz-Zentrum fuer Informatik, Germany},
  address =	{Dagstuhl, Germany},
  URL =		{http://drops.dagstuhl.de/opus/volltexte/2009/2167},
  annote =	{Keywords: Transport Equation, Partial Differential Equation, Mixed-Integer Linear Programming, Modeling, Nonlinear Constraints}
}

% hierauf bezieht sich das Paper obendrüber??? (Paper 3)
@article{FuegenschuhHertyKlarMartin_MIP,
 author = {F\"{u}genschuh, A. and Herty, M. and Klar, A. and Martin, A.},
 title = {Combinatorial and Continuous Models for the Optimization of Traffic Flows on Networks},
 journal = {SIAM Journal on Optimization},
 volume = {16},
 number = {4},
 year = {2006},
 issn = {1052-6234},
 pages = {1155--1176},
 doi = {http://dx.doi.org/10.1137/040605503},
 publisher = {Society for Industrial and Applied Mathematics},
 address = {Philadelphia, PA, USA},
}

% LWR-Gleichungen auf Netzwerk (Coclite & Piccoli) (Paper 1)
@article{HertyKlar2003,
author = {Herty, M. and Klar, A.},
collaboration = {},
title = {Modeling, Simulation, and Optimization of Traffic Flow Networks},
publisher = {SIAM},
year = {2003},
journal = {SIAM Journal on Scientific Computing},
volume = {25},
number = {3},
pages = {1066--1087},
keywords = {traffic flow; macroscopic equations; conditions at junctions; optimization},
url = {http://link.aip.org/link/?SCE/25/1066/1},
doi = {10.1137/S106482750241459X}
}

@article{Helbing1991,
 author = {Helbing, D.},
 title = {A mathematical model for the behavior of pedestrians},
 journal = {Journal Behavioral Science},
 volume = {36},
 number = {4},
 year = {1991},
 issn = {},
 pages = {298--310},
 doi = {},
 publisher = {},
 address = {},
}

@article{Hughes2002,
 author = {Hughes, R.},
 title = {A continuum theory for the flow of pedestrians},
 journal = {Transportation Research Part B},
 volume = {36},
 number = {},
 year = {2002},
 issn = {},
 pages = {507--535},
 doi = {},
 publisher = {},
 address = {},
}

@article{Hoogendoorn2000,
 author = {Hoogendoorn, S.P. and Bovy, P.H.L.},
 title = {Gas-Kinetic Modeling and Simulaton of Pedestrian Flows},
 journal = {Transportation Research Record},
 volume = {},
 number = {},
 year = {2000},
 issn = {},
 pages = {28--36},
 doi = {},
 publisher = {},
 address = {},
}

@article{GHK01,
author = {G\"ottlich, S. and Herty, M. and Klar, A.},
title = {Network models for supply chains},
journal = {Communications in Mathematical Sciences},
volume = {3},
number = {4},
pages = {545--559},
year = {2005},
}

@article{KHGK00,
author={Kirchner, C. and Herty, M. and G\"ottlich, S. and Klar, A.},
title= {Optimal control for continuous supply network models},
journal = {Networks Heterogenous Media},
volume = {1},
number = {4},
pages = {675--688},
year = {2006},
}

@article{FuegenschuhGoettlichHertyKlarMartin2007,
author = {F{\"{u}}genschuh, A. and G{\"{o}}ttlich, S. and Herty, M. and Klar, A. and Martin, A.},
title = {A Discrete Optimization Approach to Large Scale Supply Networks based on Partial Differential Equations},
journal = {SIAM Journal on Scientific Computing},
volume = {30},
number = {3},
pages = {1490--1507},
year = {2008}
}


% Buch von Simone
@book{SimonesBuch,
	title = {Modeling, Simulation and Optimization of Supply Chains: A Continuous Approach},
	author = {D'Apice, C. and G\"{o}ttlich, S. and Herty, M. and Piccoli, B.},
	publisher = {SIAM book series on Mathematical Modeling and Computation},
	year = {2010}
}

% Queue in Knoten LWR-Modell auf Kanten
@article{GaravelloGoatin2011,
	author = {Garavello, M. and Goatin, P.},
	title = {The Cauchy problem at a node with buffer},
	journal = {},
	volume = {},
	number = {},
	pages = {},
	year = {2011}
}

% Hierin wird die Hutfunktion als Flussfkt betrachtet.
@article{DApiceManzoPiccoli2006,
author = { D´apice, C. and  Manzo, R. and  Piccoli, B.},
title = {Packet Flow on Telecommunication Networks},
journal = {SIAM Journal on Mathematical Analysis},
volume = {38},
number = {3},
pages = {717-740},
year = {2006},
doi = {10.1137/050631628},

URL = {http://epubs.siam.org/doi/abs/10.1137/050631628},
eprint = {http://epubs.siam.org/doi/pdf/10.1137/050631628}
}

% Buch, in dem die Hut-Funktion als Flussfkt eingeführt wird.
@book{Daganzo1997,
title={Fundamentals of Transportation and Traffic Operations},
author={Daganzo, C.~F.},
publisher={Pergamon-Elsevier},
year={1997},
isbn={9780080427850},
address={Oxford, U.K.}
}

% noch ein Buch, in dem die Hut-Funktion als Flussfkt eingeführt wird.
@book{Newell1980,
title={TRAFFIC FLOW ON TRANSPORTATION NETWORKS},
author={Newell, G.~F.},
publisher={MIT Press},
year={1980},
isbn={0-262-14032-2},
series={MIT Press Series in Transportation Studies},
address={Cambridge, MA, USA}
}

% hierin wird ein MIP für die Ampeln und das staggered grid ausführlich hergeleitet. Außerdem schöne Kurzfassung der CP-Bedingungen.
@article{GoettlichHertyZiegler2012,
title={Modeling and optimizing traffic light settings on road networks},
author={G{\"o}ttlich, S. and Herty, M. and Ziegler, U.},
journal = {preprint},
volume = {},
number = {},
pages = {},
year = {2012}
}

% hierin werden prioritaets-straßen fuer die Kreuzungen definiert.
@article{GoettlichHertyZiegler2012b,
title = "{Numerical Discretization of Hamilton - Jacobi Equations on Networks}",
author={G{\"o}ttlich, S. and Herty, M. and Ziegler, U.},
journal = {preprint},
volume = {},
number = {},
pages = {},
year = {2012}
}

% hierin werden prioritaets-straßen zum ersten mal eingefuehrt.
@article{Daganzo1995,
title = "{The cell transmission model, part II: Network traffic}",
journal = "Transportation Research Part B: Methodological",
volume = "29",
number = "2",
pages = "79-93",
year = "1995",
note = "",
issn = "0191-2615",
doi = "10.1016/0191-2615(94)00022-R",
url = "http://www.sciencedirect.com/science/article/pii/019126159400022R",
author = "C.~F. Daganzo"
}

% air traffic control mit LWR auf Netzwerk
@article{BayenRaffardTomlin,
  title={Adjoint-based control of a new Eulerian network model of air traffic flow},
  author={Bayen, A.~M. and Raffard, R.~L. and Tomlin, C.~J.},
  journal={IEEE Transactions on Control Systems Technology},
  volume={14},
  number={5},
  pages={804--818},
  year={2006},
  publisher={IEEE}
}

% approximative Optimierung eines an den Air Traffic angepassten LWR-Modells mittels konvexer Zielfunktion
@article{WorkBayen2008,
  title={Convex formulations of air traffic flow optimization problems},
  author={Work, D.~B. and Bayen, A.~M.},
  journal={Proceedings of the IEEE},
  volume={96},
  number={12},
  pages={2096--2112},
  year={2008},
  publisher={IEEE}
}

% Vergleich von LWR Model gegen diskrete Zeitmodelle
@article{SunStrubBayen2007,
  title={Comparison of the performance of four Eulerian network flow models for strategic air traffic management},
  author={Sun, D. and Strub, I.~S. and Bayen, A.~M.},
  journal={Networks and Heterogeneous Media},
  volume={2},
  number={4},
  pages={569},
  year={2007},
  publisher={AMERICAN INSTITUTE OF MATHEMATICAL SCIENCES}
}

% -------------------------------------------------------------------------------------------------- %
% -------------------------------------   diskrete Paper   ----------------------------------------- %
% -------------------------------------------------------------------------------------------------- %

%%%%%%%%%%%%%%%%%%%%%%%%%%%%%%%%%%%%%%%%%%  quickest flows   %%%%%%%%%%%%%%%%%%%%%%%%%%%%%%%%%%%%%%%%%
%Quicest flows standard
@article{Burkard_Dlaska_Klinz,
   author = {Burkard, R. and Dlaska, K. and Klinz, B.},
   affiliation = {TU Graz Institut fi{\"u}r Mathematik Kopernikusgasse 24 8010 Graz Austria},
   title = {The Quickest Flow Problem},
   journal = {Mathematical Methods of Operations Research  },
   publisher = {Physica Verlag, Heidelberg},
   issn = {1432-2994},
   keyword = {Business and Economics},
   pages = {31--58},
   volume = {37},
   issue = {1},
   url = {http://dx.doi.org/10.1007/BF01415527},
   note = {10.1007/BF01415527},
   abstract = {Consider a network N=(G, c, tau) where G=(N, A) is a directed graph and cij and tauij, respectively, denote the capacity and the transmission time of arc (i, j) in A. The quickest flow problem is then to determine for a given value nu the minimum number T(nu) of time units that are necessary to transmit (send) nu units of flow in from a given sources to a given sink s'.},
   year = {1993}
}


%%%%%%%%%%%%%%%%%%%%%%%%%%%%%%%%%%%%%%%%%%  v(\rho)   %%%%%%%%%%%%%%%%%%%%%%%%%%%%%%%%%%%%%%%%%%%%%%%
@article{Carey2000157,
title = "An approach to modelling time-varying flows on congested networks",
journal = "Transportation Research Part B: Methodological",
volume = "34",
number = "3",
pages = "157--183",
year = "2000",
note = "",
issn = "0191-2615",
doi = "DOI: 10.1016/S0191-2615(99)00019-3",
url = "http://www.sciencedirect.com/science/article/B6V99-3YJYGYJ-1/2/f3ca07ed08c8ee9fd98617cdd094314e",
author = "Carey, M. and Subrahmanian, E.",
keywords = "Dynamic traffic assignment",
keywords = "Time-varying flows",
keywords = "Networks",
keywords = "Congestion",
keywords = "FIFO"
}

@ARTICLE{RePEc:eee:transb:v:32:y:1998:i:6:p:431-440,
title = {A mixed integer linear programming model for dynamic route guidance},
author = {Kaufman, D.E. and Nonis, J. and Smith, R.L.},
year = {1998},
journal = {Transportation Research Part B: Methodological},
volume = {32},
number = {6},
pages = {431--440},
abstract = {One of the major challenges facing ITS (Intelligent Transportation Systems) today is to offer route guidance to vehicular traffic so as to reduce trip time experienced. In a cooperative route guidance system, the problem becomes one of assigning routes to vehicles departing at given times from a set of origins to a set of destinations so as to minimize the average trip time experienced (a so-called system optimal criterion). Since the time to traverse a link will depend upon traffic volume encountered on that link, link times are dynamic. The complex interaction resulting between objective function and constraints makes the dynamic problem significantly more difficult to formulate and solve than the static version. We present a mixed integer linear programming formulation of the problem which is formally derived from a set of traffic flow assumptions. Principal among these is the simplifying assumption that vehicles upon entering a link, assume the speed that traffic would attain were the traffic volume encountered on that link in steady-state. The integer variables correspond to selection of vehicle capacity constraints on the link while the continuous variables correspond to selection of vehicle routes. Implicit within this MILP formulation of the dynamic traffic assignment problem is therefore a decomposition of the problem which results in a conventional capacitated linear programming network flow problem. A small illustrative subnetwork extracted from the city of Sioux Falls is solved to optimality by IBM's OSL Branch-and-Bound algorithm.},
url = {http://econpapers.repec.org/RePEc:eee:transb:v:32:y:1998:i:6:p:431-440}
}

%%%%%%%%%%%%%%%%%%%%%%%%%%%%%%%%%%%%%%%%%%  allgemeine  %%%%%%%%%%%%%%%%%%%%%%%%%%%%%%%%%%%%%%%%%%%%%%
% Löse kontinuierliche Zeiten mit Diskreten Methoden (großer Überblick mit vielen Problemen (z.B. QFP, MDF, etc.), die dann auch kontinuierlich betrachtet werden)
@Article{Fleischer_Tardos,
	author = {L. Fleischer and E. Tardos},
	title = {Efficient continuous-time dynamic network flow algorithms},
	journal = {Operations Research Letters},
	year = {1998},
	volume = {23},
	pages = {71--80},
	number = {3-5},
	note = "",
	issn = "0167-6377",
	doi = "DOI: 10.1016/S0167-6377(98)00037-6",
	url = "http://www.sciencedirect.com/science/article/B6V8M-3VY0016-1/2/795a644010e512ddba3aa0abf2fa06c1",
	keywords = "Network flows",
	keywords = "Dynamic network flows",
	keywords = "Continuous time flows",
	abstract = "
	We extend discrete-time dynamic flow algorithms presented in the literature to solve the analogous continuous-time dynamic flow problems. These problems include finding maximum dynamic flows, quickest flows, universally maximum dynamic flows, lexicographically maximum dynamic flows, dynamic transshipments, and quickest transshipments in networks with capacities and transit times on the edges."
}


% Übersicht von Hamacher
@Article{Hamacher,
  title = {Mathematical modelling of evacuation Problems: A state of the art},
  author = {Hamacher, H.~W. and Tjandra, S.~A.},
  journal = {Berichte des Fraunhofer ITWM},
  volume = {24},
  number = {},
  pages = {1--38},
  numpages = {38},
  year = {2001},
  month = {},
  doi = {},
  publisher = {Fraunhofer-Institut f{\"u}r Techno- und Wirtschaftsmathematik ITWM }
}

% Buch von Krumke
@book{Krumke,
	title = "{Graphentheorische Konzepte und Algorithmen}",
	author = {Krumke, S.~O. and H. Noltemeier},
	publisher = {B.G. Teubner},
	address = {Stuttgart},
	year = {2005}
}

% Buch von Hamacher
@book{Buch_Hamacher,
	title = "{Linear and Network Optimization Problems - Lineare und Netzwerk Optimierungsprobleme}",
	author = {Hamacher, H.~W. and Klamroth, K.},
	publisher = {Vieweg, Braunschweig},
	year = {2000}
}

% Skript von Krumke zu Graphs and Algorithms
% (at)misc{Krumke_Skript2,
%	title = "{Graphs and Algorithms}",
%	author = {Krumke, S. O.},
%	note = {Vorlesungskript, Technische Universit{\"a}t Kaiserslautern, WS 2006/07},
% }

% Skript von Krumke zu Advanced Network Flows.
@misc{Krumke_Skript,
	title = "{Advanced Network Flows and Selfish Routing}",
	author = {Krumke, S.~O.},
	note = {Vorlesungsskript, Technische Universit{\"a}t Kaiserslautern, SS 2007}
}

% Ahuja, die diskrete Bibel
@book{Ahuja,
	title = {Network Flows: Theory, Algorithms, and Applications},
	author = {Ahuja, R.~K. and Mananti, T.~L. and Orlin, J.~B.},
	publisher = {Prentice Hall},
	year = {1993}
}

% unser Paper zur Äquivalenz
@Article{Paper_Equivalence,
  title = {On the equivalence of continuous and discrete time network models},
  author = {G{\"o}ttlich, S. and S. K{\"u}hn and Ohst, J.~P. and S. Ruzika},
  journal = {},
  volume = {},
  number = {},
  pages = {},
  year = {},
  month = {},
  publisher = {},
	note = {to be published}
}

% -------------------------------------------------------------------------------------------------- %
% ------------------------------------   allgemeine Dinge   ---------------------------------------- %
% -------------------------------------------------------------------------------------------------- %
% meine DA
@Mastersthesis{DA,
	title = "{Evacuation Dynamics (Part 2): Continuous Aspects}",
	author = {S. K{\"u}hn},
	school = {Technische Universit{\"a}t Kaiserslautern},
	year = {2010},
	type = {Diplomarbeit},
	address = {},
	month = {October},
	note = {}
}

% Jans Diplomarbeit
@Mastersthesis{JansDA,
	title = "{Evacuation Dynamics (Part 1): Discrete Aspects}",
	author = {Ohst, J. P.},
	school = {Technische Universit{\"a}t Kaiserslautern},
	year = {2010},
	type = {Diplomarbeit},
	address = {},
	month = {October},
	note = {}
}

% CPLEX -> Paper Nummer 3
@MISC{cplex,
	title = {CPLEX version 12},
	author = {IBM ILOG CPLEX Optimization Studio},
	year = {2010},
	address = {}
}

% IPOPT (Solver von Oliver)
@article {IPOPT,
   author = {Wächter, Andreas and Biegler, Lorenz T.},
   affiliation = {IBM T.J. Watson Research Center P.O. Box 218 Yorktown Heights NY 10598 USA P.O. Box 218 Yorktown Heights NY 10598 USA},
   title = {On the implementation of an interior-point filter line-search algorithm for large-scale nonlinear programming},
   journal = {Mathematical Programming},
   publisher = {Springer Berlin / Heidelberg},
   issn = {0025-5610},
   keyword = {Mathematik und Statistik},
   pages = {25-57},
   volume = {106},
   issue = {1},
   url = {http://dx.doi.org/10.1007/s10107-004-0559-y},
   note = {10.1007/s10107-004-0559-y},
   year = {2006}
}


% Matlab
@MISC{matlab,
	title = {MATLAB version 7},
	author = {Mathworks},
	publisher = {The MathWorks Inc.},
	year = {2003},
	address = {Natick, Massachusetts}
}

% Zur Bestimmung der Evakuierungszeit. Einteilung der Zeit in drei Teile (recognition, reaction, egress)
@article{Graat_et_al,
title = "Complex evacuation; effects of motivation level and slope of stairs on emergency egress time in a sports stadium",
journal = "Safety Science",
volume = "31",
number = "2",
pages = "127-141",
year = "1999",
note = "",
issn = "0925-7535",
doi = "DOI: 10.1016/S0925-7535(98)00061-7",
url = "http://www.sciencedirect.com/science/article/B6VF9-3VNG7MP-2/2/a939ed6e1e42c3c48d939014d2def25a",
author = "E. Graat and C. Midden and P. Bockholts",
abstract = "
This paper is concerned with the concept of building evacuation and the factors that affect the emergency egress time. It argues that the total evacuation time can be divided into three components: the time to recognize a dangerous situation, the time to decide for evacuation and the time for the movement towards safety. The last component, the egress time, is studied closely in this paper. When the capacity of a walkway is known, this component can be calculated. The capacity however is affected by a number of factors. Through two field studies the effects of the motivation of people to move and the slope of stairs on capacity have been tested. It appears that initially motivation has an accelerating effect, but as the number of people per square meter grows their speed decreases. Also the steeper the slope of stairs, the slower people will move on them. Furthermore the value for capacity used in design and egress time calculations is looked upon. Various researchers have come up with different values. Some recommend the use of the maximum value, which gives the minimum egress time, while others recommend the use of a mean value for capacity, which gives a mean value for egress time. This paper discusses the advantages of the use of a mean value over the use of a maximum value, and thus of the use of an average over a minimum egress time."
}

% googlemaps
@misc{google,
	title = {\copyright 2010 Tele Atlas},
	author = {\copyright 2010 Google Map Data},
}


% Buch zur Wirkung von Verstrahlung
@Book{radiation,
	author = {Rajewsky, B.},
	title = {Strahlendosis und Strahlenwirkung},
	publisher = {Thieme, Stuttgart},
	year = {1954}
}

% Buch zur Boost-library
@book{boost,
    author = {Siek, J.G. and Lee, L.-Q. and Lumsdaine, A.},
    publisher = {Addison-Wesley, Boston, MA},
    title = {{The Boost Graph Library: User Guide and Reference Manual (C++ In-Depth Series)}},
    year = {2001}
}

% Abhandlung die begruendet, welche Fundamentalen Diagramme Sinn machen (net selbst gelesen; zitiert in allen Klar-Sachen) [Is eigentlihc ein book?!?]
@article{KlarKuehneWegener1996,
title={Mathematical models for vehicular traffic},
author={Klar, A. and K{\"u}hne, R.D. and Wegener, R.},
editor={Axel Klar ; Reinhart D. Kühne ; Raimund Wegener},
publisher={Arbeitsgruppe Technomathematik, Univ.},
year={1996},
volume={6},
number={3},
address={Kaiserslautern},
pages={215--239},
journal={Surveys on Mathematics for Industry}
}

% Unser Paper bei NHM
@article{NHM,
title={Evacuation dynamics influenced by spreading hazardous material},
author={G\"ottlich, S. and K\"uhn, S. and Ohst, J.P. and Ruzika, S. and Thiemann, M.},
journal="{Networks and Heterogeneous Media (NHM)}",
volume={6},
issue={3},
pages={443--464},
year={2011}
}

@article{BressanHan2011,
author = {Bressan, A. and Han, K.},
title = {Optima and Equilibria for a Model of Traffic Flow},
journal = {SIAM Journal on Mathematical Analysis},
volume = {43},
number = {5},
pages = {2384-2417},
year = {2011},
doi = {10.1137/110825145},
URL = {http://epubs.siam.org/doi/abs/10.1137/110825145},
eprint = {http://epubs.siam.org/doi/pdf/10.1137/110825145}
}

% Uebersichtsbuch zu LPs und IPs, gibt Krumke auch an
@Book{Schrijver1986,
author = {Schrijver, A.},
title = {Theory of Linear and Integer Programming},
publisher = {John Wiley \& Sons},
address = {Chichester},
year = {1986},
}

% Uebersichtsbuch zu IPs, gibt Krumke an
@book{NemhauserWolsey1988,
  author = {Nemhauser, G.~L. and Wolsey, L.~A.},
  title  = {{Integer and combinatorial optimization}},
  year   = {1999},
  publisher = {John Wiley \& Sons},
	series={Wiley-Interscience Series in Discrete Mathematics and Optimization},
  address   = {},
}

% Uebersicht zu LPs, gibt Krumke und ganz viele andere an
@Book{Chvatal1983,
  author    = {V. Chv\'atal},
  title     = {{Linear Programming}},
  publisher = {W. H. Freeman and Company},
	address 	= {New York},
  year      = {1983},
}

%%%%%%%%%%%%%%%%%%%%%%%%%%%%%%%%%%%%%%%%%%%%%%%%%%%%%%%%%%%%%%%%%%%%%%%%%%%%%%%%%%%%%%%%%%
%%%%%% Hinzugefügt von Markus %%%%%%%%%%%%%%%%%%%%%%%%%%%%%%%%%%%%%%%%%%%%%%%%%%%%%%%%%%%%

@INCOLLECTION{Hamacher2002,
  author = {Hamacher, H.W. and Tjandra, S.A.},
  title = {Mathematical modelling of evacuation problems--a state of the art},
  booktitle = {Pedestrian and Evacuation Dynamics},
  publisher = {Springer, Berlin},
  year = {2002},
  editor = {Schreckenberger, M. and Sharma, S.D.},
  pages = {227-266},
  owner = {thiemann},
  timestamp = {2010.09.16}
}


@Article{Gwynne1999,
 author = {Gwynne, S. and Galea, E.R. and Owen, M. and Lawrence, P.J. and Filippidis, L.},
 title = {A review of the methodologies used in evacuation modelling},
 journal = {Fire and Materials},
 year = {1999},
 volume = {23},
 pages = {383-388}
}

@INCOLLECTION{Schadschneider2009,
  author = {A. Schadschneider and W. Klingsch and H. Kl\"upfel and T. Kretz and
	C. Rogsch and A. Seyfried},
  title = {Evacuation Dynamics: Empirical Results, Modeling and Applications},
  booktitle = {Encyclopedia of Complexity and System Science},
  publisher = {Springer, New York, NY},
  year = {2009},
  editor = {B. Meyers},
  pages = {3142--3176},
  owner = {thiemann},
  timestamp = {2010.10.11},
  url = { http://arxiv.org/abs/0802.1620}
}

@incollection{Southworth1991,
  title={{Regional Evacuation Modeling: A State-of-the-Art Review}},
  author={Southworth, F.},
  booktitle={ORNL/TAM-11740},
publisher= {Oak Ridge National Laboratory, Energy Division, Oak Ridge, TN},
year={1991}
}

@InProceedings{Santos2004,
 author = {Santos, G. and Aguirre, B.},
 title = {A Critical Review of Emergency Evacuation Simulation},
 booktitle = {Proceedings of Building Occupant Movement during Fire Emergencies, June 10-11},
 OPTcrossref = {},
 OPTkey = {},
 pages = {27-52},
 year = {2004},
 publisher = {NIST/BFRL Publications Online, Gaithersburg, MD},
}

@article{kluepfel2005,
  title={{Models for crowd movement and egress simulation}},
  author={Kl\"upfel, H. and Schreckenberg, M. and Meyer-K\"onig, T.},
  journal={Traffic and Granular Flow '03},
  pages={357--372},
  year={2005},
  publisher={Springer}
}

@article{Chalmet1982,
  title={{Network models for building evacuation}},
  author={Chalmet, L.~G. and Francis, R.~L. and Saunders, P.~B.},
  journal={Fire Technology},
  volume={18},
  number={1},
  pages={90--113},
  year={1982},
  publisher={Springer}
}

@article{Choi1988,
  title={{Modeling of building evacuation problems by network flows with side constraints}},
  author={Choi, W. and Hamacher, H.~W. and Tufekci, S.},
  journal={European Journal of Operational Research},
  volume={35},
  number={1},
  pages={98--110},
  issn={0377-2217},
  year={1988},
  publisher={Elsevier}
}

@article{ford1958,
  title={{Constructing maximal dynamic flows from static flows}},
  author={Ford, L.~R. and Fulkerson, D.~R.},
  journal={Operations Research},
  volume={6},
  number={3},
  pages={419--433},
  issn={0030-364X},
  year={1958},
  publisher={JSTOR}
}



@article{skutella2009,
  title={{An introduction to network flows over time}},
  author={Skutella, M.},
  journal={Research Trends in Combinatorial Optimization},
  pages={451--482},
  year={2009},
  publisher={Springer}
}

@ARTICLE{Burkard1993,
  author = {R.E. Burkard and K. Dlaska and B. Klinz},
  title = {The Quickest Flow Problem},
  journal = {Methods and Models of Operations Research},
  year = {1993},
  volume = {37},
  pages = {31-58}
}

@article{wilkinson1971,
  title={{An algorithm for universal maximal dynamic flows in a network}},
  author={Wilkinson, W.L.},
  journal={Operations Research},
  volume={19},
  number={7},
  pages={1602--1612},
  issn={0030-364X},
  year={1971},
  publisher={JSTOR}
}

@INPROCEEDINGS{Hamacher2002_EAF,
  author = {H.W. Hamacher and S.A. Tjandra},
  title = {Eariest Arrival Flows with Time Dependent Capacity for Solving Evacuation Problems},
  booktitle = {Pedestrian and Evacuation Dynamics},
  year = {2002},
  editor = {M. Schreckenberger and S.D. Sharma},
  pages = {267-276},
  publisher = {Springer, Berlin}
}

@article{koehler2005_load,
  title={{Flows over Time with Load-Dependent Transit Times}},
  author={K\"ohler, E. and Skutella, M.},
  journal={SIAM Journal on Optimization},
  volume={15},
  pages={1185},
  year={2005}
}

@article{koehler2002_flow,
  title={{Time-expanded graphs for flow-dependent transit times}},
  author={K\"ohler, E. and Langkau, K. and Skutella, M.},
  journal={Lecture Notes in Computer Science},
  pages={599--611},
  isbn={3540441808},
  issn={0302-9743},
  year={2002},
  publisher={Springer}
}

@inproceedings{Hamacher2010_Sandwich,
author={Hamacher, H.W. and Heller, S. and Köster, G. and Klein, W.},
booktitle={Proceedings of the Fifth International Conference on Pedestrian and Evacuation Dynamics}, 
title={A Sandwich Approach for Evacuation Time Bounds}, 
year={2010},
 }

@inproceedings{Hamacher2010_Cluster,
author={Hamacher, H.W. and Leiner, K. and Ruzika, S.},
booktitle={Proceedings of the Fifth International Conference on Pedestrian and Evacuation Dynamics},
title={Quickest Cluster Flow Problem},
year={2010}, 
}

@inproceedings{Kneidl2010, author={Kneidl, A. and Thiemann, M. and Bormann, A. and Ruzika, S. and Hamacher, H.W. and Köster, G. and Rank, E.},
 booktitle={Proceedings of the Fifth International Conference on Pedestrian and Evacuation Dynamics}, 
title={Bidirectional Coupling of Macroscopic and Microscopic Approaches for Pedestrian Behavior Prediction}, 
year={2010}, 
}
